@book{Munukata,
  author = {Randall C. O'Reilly and Yuko Munakata},
  year = {2000},
  title = {Computational Explorations in Cognitive Neuroscience (Understanding the Mind by Stimulating the Brain)},
  publisher = {The MIT Press},
  note = {ISBN-13: 978-0-262-65054-0}
} 