@MISC{Exp.A-2020,
	author = {Unknown},
    howpublished = {University of Kent Moodle 2020},
    month = {September},
    note = {PH617 Physics Laboratory},
    year = {2012},
    title = {Exp.A Nuclear Magnetic Resonance},
}

@MISC{Exp.A-Lab_book,
	author = {Tomaszewski, L. R.},
    howpublished = {University of Kent},
    month = {November},
    note = {PH617 Physics Laboratory},
    year = {2020},
    title = {Exp.A Lab Book},
}

