@MISC{Exp.C-2020,
	author = {{Unknown}, E.},
    howpublished = {University of Kent Moodle 2019},
    month = {August},
    note = {PH617 Physics Laboratory},
    year = {2013},
    title = {Exp.C Gamma-Ray Spectroscopy},
}

@MISC{Exp.C-Lab_book,
	author = {{Tomaszewski}, L. R.},
    howpublished = {University of Kent},
    month = {October},
    note = {PH617 Physics Laboratory},
    year = {2020},
    title = {Exp.C Lab Book},
}
