@MISC{Weather_Station,
	author = {{Kinnear}, T.},
    month = {Febuary},
    howpublished = {University of Kent Moodle 2017},
    note = {Assessment C3 2017},
    year = {2018},
    title = {Weather Station},
}

@MISC{Weather_Research,
	author = {UK.Gov},
    month = {October},
    howpublished = {https://www.metoffice.gov.uk/learning/weather-for-kids/understanding-weather},
    year = {2017},
    title = {Understanding Weather},
}