@article{Naive,
author = {Calders, Toon and Verwer, Sicco},
year = {2010},
month = {09},
pages = {277-292},
title = {Three naive Bayes approaches for discrimination-free classification},
volume = {21},
journal = {Data Min. Knowl. Discov.},
doi = {10.1007/s10618-010-0190-x}
}

@article{Tree,
  title={Discrimination Aware Decision Tree Learning},
  author={Faisal Kamiran and Toon Calders and Mykola Pechenizkiy},
  journal={2010 IEEE International Conference on Data Mining},
  year={2010},
  pages={869-874}
}