@book{ImageProcessingTutorial,
    author    = "Burnell, J. and Berry, R.",
    title     = "The Handbook of Astronomical Image Processing",
    year      = "2000",
    publisher = "Willmann-Bell, 2005, ISBN: 9780943396828, Pages: 642-644",
    address   = "Richmond, Virginia",
    edition = {2th},
} 

@book{ImageProcessing,
    author    = "Burnell, J. and Berry, R.",
    title     = "The Handbook of Astronomical Image Processing",
    year      = "2000",
    publisher = "Willmann-Bell, 2005, ISBN: 9780943396828, Pages: 303-320",
    address   = "Richmond, Virginia",
    edition = {2th},
} 

@misc{EM,
    title     = "The electromagnetic spectrum",
    url       = "https://www.khanacademy.org/science/physics/light-waves/introduction-to-light-waves/a/light-and-the-electromagnetic-spectrum",
    year = "2020",
}

@ARTICLE{Asteroids,
	author = {Mansour, J.~A. and Popescu, M. and de Le√≥n, J. and Licandro, J.},
	title = {Distribution and spectrophotometric classification of basaltic asteroids},
	year = {2020},
	volume = {491},
	pages = {5966-5979},
	month = {02},
	publisher = {Monthly Notices of the Royal Astronomical Society}
}

@misc{MISC,
    title     = "The Carina Nebula",
    url       = "http://astro.kent.ac.uk/~sl1/PH512/CarinaNebula/",
    year = "2020",
}

@ARTICLE{ARTICLE,
	author = {Jones, A.~B. and Smith, J.~M.},
	title = {{A}rticle {T}itle},
	journal = {Journal title},
	year = {2013},
	volume = {13},
	pages = {123-456},
	number = {52},
	month = {March},
	publisher = {Publisher}
}