@book{ImageProcessingTutorial,
    author    = "Burnell, J. and Berry, R.",
    title     = "The Handbook of Astronomical Image Processing",
    year      = "2000",
    publisher = "Willmann-Bell, 2005, ISBN: 9780943396828, Pages: 613-635",
    address   = "Richmond, Virginia",
    edition = {2th},
} 

@book{ImageProcessingDilemma,
    author    = "Burnell, J. and Berry, R.",
    title     = "The Handbook of Astronomical Image Processing",
    year      = "2000",
    publisher = "Willmann-Bell, 2005, ISBN: 9780943396828, Pages: 250-251",
    address   = "Richmond, Virginia",
    edition = {2th},
} 

@misc{Telescope,
    author    = "Observatory Palomar",
    title     = "The 48-inch (1.2-meter) Samuel Oschin Telescope",
    url       = "http://www.astro.caltech.edu/palomar/about/telescopes/oschin.html",
    year = "2019",
}

@ARTICLE{GAIA,
	author = {Eyer, L.},
	title = {The GAIA Mission},
	year = {2013},
	volume = {37},
	pages = {115-126},
	month = {03},
	publisher = {Central European Astrophysical Bulletin},
	url = {https://ui.adsabs.harvard.edu/abs/2013CEAB...37..115E/abstract},
}

@misc{Minor,
    author    = "Minor Planet Center",
    title     = "NEO Checker",
    url       = "https://www.minorplanetcenter.net/cgi-bin/neocheck.cgi",
    year = "1997",
}

@misc{General,
    author    = "Gai, M.",
    title     = "Astrometric tests of General Relativity in the Solar system",
    url       = "https://iopscience.iop.org/article/10.1088/1742-6596/490/1/012240/pdf",
    year = "2014",
}

@misc{over,
    author    = "European Space Agency",
    title     = "GAIA Overview",
    url       = "https://www.esa.int/Science_Exploration/Space_Science/Gaia_overview",
    year = "2013",
}

@misc{gaiaimage,
    author    = "Earth Observation",
    title     = "The Gaia Astrometry Mission",
    url       = "https://eoportal.org/web/eoportal/satellite-missions/content/-/article/gaia-satellite-mission",
    year = "2013",
}

@misc{parallax,
    author    = " ",
    title     = "Hipparchus, Bessel and Stellar Parallax",
    url       = "http://www.hellenicaworld.com/Greece/Science/en/Astronomy2.html",
}

@misc{RPN,
    author    = "Pederzoli, L",
    title     = "THE MEGALITH BUILDERS - Psychic archaeology and the Nuragic civilization",
    url       = "https://www.researchgate.net/figure/Diagram-showing-revolution-rotation-precession-and-nutation-of-the-Earth_fig29_317264700",
    year = "2011",
}


@ARTICLE{Smith:2013jd,
	author = {Jones, A.~B. and Smith, J.~M.},
	title = {{A}rticle {T}itle},
	journal = {Journal title},
	year = {2013},
	volume = {13},
	pages = {123-456},
	number = {52},
	month = {March},
	publisher = {Publisher}
}