@misc{MiniProjectOptions,
    author = "{University of Kent}",
    title = "Mini-Project Options",
    url  = "https://moodle.kent.ac.uk/2020/pluginfile.php/457106/mod_resource/content/2/Mini\%20project\%20options.pdf",
    year = "2020/21",
    month = "September",
}

@misc{NuclearWasteTypes,
    author = "{UK Radioactive Waste Inventory}",
    title = "What are the main waste categories",
    url  = "https://ukinventory.nda.gov.uk/about-radioactive-waste/what-is-radioactivity/what-are-the-main-waste-categories/",
    year = "2021",
    month = "January",
}

@misc{ManageNuclearWaste,
    author = "{UK Radioactive Waste Inventory}",
    title = "How do we manage radioactive waste",
    url  = "https://ukinventory.nda.gov.uk/about-radioactive-waste/how-do-we-manage-radioactive-waste/",
    year = "2021",
    month = "January",
}

@misc{Units,
    author = "{United States Nuclear Regulatory Commission}",
    title = "Radioactivity",
    url  = "https://www.nrc.gov/reading-rm/basic-ref/glossary/radioactivity.html",
    year = "2020",
    month = "August",
}
@misc{HoneycombPic,
    author = "{Scientific Figure on ResearchGate}",
    title = "Creation of Ultra-light Spacecraft Constructions Made of Composite Materials",
    url  = "https://www.researchgate.net/figure/Honeycomb-structure-Honeycomb-structures-are-highly-laborious-in-manufacturing-and_fig3_316849097",
    year = "2021",
    month = "March",
}
@misc{Decay,
    author = "{John O. Rasmussen}",
    title = "Radioactivity",
    url  = "https://www.britannica.com/science/radioactivity",
    year = "2021",
}
@misc{500L,
    author = "{Scientific Figure on ResearchGate}",
    title = "Characterisation and solubility behaviour of synthetic calcium silicate hydrates",
    url  = "https://www.researchgate.net/figure/shows-the-500-litre-drum-waste-package-designs-The-majority-of-the-containers-are-made_fig2_311611643",
    year = "2021",
}

@misc{Decay1,
    author = "{Chemistry LibreTexts}",
    title = "Types of Radioactivity: Alpha, Beta, and Gamma Decay",
    url  = "https://chem.libretexts.org/Courses/can/intro/17\%3A_Radioactivity_and_Nuclear_Chemistry/17.03\%3A_Types_of_Radioactivity\%3A_Alpha\%2C_Beta\%2C_and_Gamma_Decay",
    year = "2019",
}
@misc{ConcreteBoxes,
    author = "{Nuclear Decomissioning Authority}",
    title = "Overview and uses of the 6 cubic metre concrete box",
    url  = "https://www.google.com/url?sa=i&url=https\%3A\%2F\%2Frwm.nda.gov.uk\%2Fpublication\%2Fgd-upstream-optioneering-overview-and-uses-of-the-6-cubic-metre-concrete-box\%2F\%3Fdownload&psig=AOvVaw1z_RZpZVZm5SIfOlHBZbZ5&ust=1615863195561000&source=images&cd=vfe&ved=0CA0QjhxqFwoTCPjJ_dKlse8CFQAAAAAdAAAAABAJ",
    year = "2019",
}
@misc{SteelBoxes,
    author = "{Machinery}",
    title = "The box shifter",
    url  = "https://www.machinery.co.uk/machinery-features/stainless-metalcraft-wins-contract-for-nuclear-waste-boxes",
    year = "2015",
}
@misc{Tru-Shield,
    author = "{Pacific Nuclear Systems}",
    title = "Tru Shield",
    url  = "https://www.calderlead.co.uk/uploads/documentsearch/id20/PNSI-TRU-Shield-JAN-2011-EUR-v22.pdf",
    year = "2011",
}
@misc{Honey1,
    author = "{Gilcrest Manufacturing}",
    title = "Advantages of Aluminium Honeycomb Panels Compared To Traditional Building Materials",
    url  = "https://www.gilcrestmanufacturing.com/news/technical-news/advantages-aluminium-honeycomb-panels-compared-traditional-building-materials/",
    year = "2018",
}
@misc{GammaRay,
    author    = "{Lukasz Tomaszewski}",
    title     = "Gamma Ray Spectroscopy Experiment",
    url  = "University of Kent, PH617: Physics Project Laboratory",
    year = "2020",
}
@misc{CarbonNano,
    author    = "{Guoqiang Ren}",
    publisher = "Encyclopedia Britannica",
    title     = "Carbon Nanotubes",
    url  = "https://www.britannica.com/science/carbon-nanotube",
    year = "2018",
}
@misc{Percentage,
    author    = "{World Nuclear Association}",
    title     = "Nuclear Power in the United Kingdom",
    url  = "https://www.world-nuclear.org/information-library/country-profiles/countries-t-z/united-kingdom.aspx",
    year = "2021",
}