@book{ImageProcessing,
    author    = "Burnell, J. and Berry, R.",
    title     = "The Handbook of Astronomical Image Processing",
    year      = "2000",
    publisher = "Willmann-Bell, 2005, ISBN: 9780943396828, Pages: 57-75",
    address   = "Richmond, Virginia",
    edition = {2th},
} 

@misc{Telescope,
    author    = "Observatory Palomar",
    title     = "The 48-inch (1.2-meter) Samuel Oschin Telescope",
    url       = "http://www.astro.caltech.edu/palomar/about/telescopes/oschin.html",
    year = "2019",
}

@misc{Jpgvsgif1,
    author    = "Ahmed Mossad El-Saba",
    title     = "The Difference between JPEG and GIF and Which to Use",
    url       = "https://www.globalizationpartners.com/2016/08/28/the-difference-between-jpeg-and-gif-and-which-to-use/",
    year = "2016",
}

@misc{Jpgvsgif2,
    author    = "Differences Tech",
    title     = "Difference Between JPEG and GIF",
    url       = "https://techdifferences.com/difference-between-jpeg-and-gif.html",
    year = "2019",
}

@misc{Distance,
    author    = "NASA - Rob Garner",
    title     = "Messier 61 Catalog",
    url       = "https://www.nasa.gov/feature/goddard/2017/messier-61",
    year = "2019",
}

@misc{Diameter,
    author    = "Admin",
    title     = "Messier 61",
    url       = "https://www.messier-objects.com/messier-61/",
    year = "2015",
}

@misc{Simbad,
    author    = "Simbad",
    title     = "NGC 4303 Core ",
    url       = "http://simbad.u-strasbg.fr/simbad/sim-id?Ident=%5BCGM97%5D+NGC+4303+Core&NbIdent=1",
    year = "2020",
}

@ARTICLE{Smith:2013jd,
	author = {Jones, A.~B. and Smith, J.~M.},
	title = {{A}rticle {T}itle},
	journal = {Journal title},
	year = {2013},
	volume = {13},
	pages = {123-456},
	number = {52},
	month = {March},
	publisher = {Publisher}
}

@misc{knuthwebsite,
    author    = "Donald Knuth",
    title     = "Knuth: Computers and Typesetting",
    url       = "http://www-cs-faculty.stanford.edu/\~{}uno/abcde.html"
}