@MISC{LLR.2-2018,
	author = {{Roch}, G.},
    howpublished = {University of Kent Moodle 2017},
    month = {June},
    note = {LLR.2 Lab script},
    year = {2017},
    title = {LLR.2 Stress \& Strain},
}