@MISC{Exp.D-2020,
	author = {{Unknown}, E.},
    howpublished = {University of Kent Moodle 2019},
    month = {August},
    note = {PH617 Physics Laboratory},
    year = {2013},
    title = {Exp.D X-Ray Crystallography},
}

@MISC{Exp.D-Lab_book,
	author = {{Tomaszewski}, L. R.},
    howpublished = {University of Kent},
    month = {November},
    note = {PH617 Physics Laboratory},
    year = {2020},
    title = {Exp.D Lab Book},
}

@MISC{CRC,
	author = {{The}, Chemical Rubber Company},
    month = {Ohio},
    note = {},
    year = {USA},
    title = {Handbook of Chemistry and Physics},
}
