@book{Fermi,
    author    = {E. Segre},
    title     = {Enrico Fermi Physicist},
    year      = {1970},
    publisher = {University of Chicago Press},
    address   = {ISBN 13: 978-0226744728, Pages 231-239}
}

@book{Youtube,
    author    = {uchicagoarts},
    title     = {Chicago Pile-1 Documentary: The Day Tomorrow Began},
    year      = {2017},
    publisher = {University of Chicago},
    address   = {$https://www.youtube.com/watch?v=w_6K6arW3h4$}
}
@book{TMP,
    author    = {The Editors of Encyclopaedia Britannica},
    title     = {The Manhattan Project},
    year      = {November 2019},
    publisher = {Encyclopedia Britannica},
    address   = {https://www.britannica.com/event/Manhattan-Project}
}
@book{ChainReact,
    author    = {Wikipedia},
    title     = {Nuclear Fission},
    year      = {2019},
    publisher = {$https://en.wikipedia.org/wiki/Nuclear_fission$}
}
@book{NucPhys,
    author    = {R. J. Blin-Stoyle},
    title     = {Nuclear and Particle Physics},
    year      = {1991},
    publisher = {London: Chapman and Hall},
    address   = {ISBN 13: 978-0442308438, Pages 92-96}
}
@book{Picture,
    author    = {Argonne National Laboratory},
    title     = {Chicago Pile-1},
    year      = {2012},
    publisher = {https://www.flickr.com/photos/argonne/12371772445/in/ \\ photostream/lightbox/}
}