@MISC{LLR.3-2018,
	author = {{Roch}, G.},
    howpublished = {University of Kent Moodle 2017},
    month = {June},
    note = {LLR.3 Lab script},
    year = {2017},
    title = {LLR.3 Deduction of a Law},
}