@MISC{LLR.4-2018,
	author = {{Roch}, G.},
    howpublished = {University of Kent Moodle 2017},
    month = {June},
    note = {LLR.4 Lab script},
    year = {2017},
    title = {LLR.4 Probability Distributions},
}

@MISC{Introduction-to-Error-Analysis,
	author = {{Taylor}, J. R.},
    howpublished = {University Science Books},
    note = {ISBN - 978-0-935702-75-0},
    year = {1997},
    title = {Introduction to Error Analysis},
}

@MISC{Dice-Roll,
	author = {{Wartoft} M.},
    title = {http://www.roll-dice-online.com/},
}