@MISC{Numerical_Methods,
	author = {{Kinnear}, T.},
    month = {January},
    howpublished = {University of Kent Moodle 2017},
    note = {Assessment C2 2017},
    year = {2018},
    title = {Numerical Methods},
}

@MISC{Workshop_10,
	author = {{Kinnear}, T.},
    month = {January},
    howpublished = {University of Kent Moodle 2017},
    note = {Assessmnet C2 2017},
    year = {2018},
    title = {Workshop 10},
}