@MISC{Exp.6-2019,
	author = {{Pugh}, E.},
    howpublished = {University of Kent Moodle 2019},
    month = {September},
    note = {PH520 Physics Labs A},
    year = {2018},
    title = {Exp.6 Rutherford Scattering},
}

@MISC{Exp.6-Lab_book,
	author = {{Tomaszewski}, L. R.},
    howpublished = {University of Kent},
    month = {November},
    note = {PH520 Physics Labs A},
    year = {2019},
    title = {Exp.6 Lab Book},
}
@MISC{One,
	author = {{Andrade}, E. N. da C.},
    howpublished = {Anchor Books; Garden City},
    month = {},
    note = {N.Y.:1964: pg.111},
    year = {},
    title = {'Rutherford and the nature of the atom'},
}
@MISC{Two,
	author = {Didactic, Leybold},
    howpublished = {Leybold Physics Leaflet P6.5.6.2.1},
    month = {},
    note = {Leybold Didactic GMBH, Germany},
    year = {},
    title = {'Rutherford scattering: measuring the scattering rate as a function of the scattering angle and the atomic number'},
}
@MISC{CRC,
	author = {Haynes, W. M.},
    howpublished = {Boca Raton, Florida: CRC Press 2013},
    month = {},
    note = {ISBN: 9781466571143},
    year = {2013-2014},
    title = {CRC Handbook of chemistry and physics: a ready-reference book of chemical and physical data 94th Edition},
}