@MISC{LLR.1-2018,
	author = {{Roch}, G.},
    howpublished = {University of Kent Moodle 2017},
    month = {June},
    note = {Lab script 2017},
    year = {2017},
    title = {LLR.1 Rotation rate of planet Mercury},
}

@book{The_Solar_System,
    author    = {Michael A.Seeds},
    title     = {The Solar System},
    publisher = {Brooks Cole},
    edition  = {Third Edition},
    year      = {2002},
    month    = {June},
    note     = {ISBN-10: 0534394493},
}

@MISC{astropixels.com,
	author = {{Espenak}, F.},
    howpublished = {astropixels.com/ephemeris/astrocal/astrocal2018gmt.html},
    month = {November},
    year = {2014},
}